%% LaTeX2e file `prop.bib'
%% generated by the `filecontents' environment
%% from source `prop' on 2021/07/22.
%%
 @article{derras2012adapting,
  title={Adapting the neural network approach to PGA prediction: An example based on the KiK-net data},
  author={Derras, Boum{\'e}di{\`e}ne and Bard, Pierre-Yves and Cotton, Fabrice and Bekkouche, Abdelmalek},
  journal={Bulletin of the Seismological Society of America},
  volume={102},
  number={4},
  pages={1446--1461},
  year={2012},
  publisher={Seismological Society of America}
 }
 
 
